@article{Rahman2020,
  author    = {M. A. Rahman and A. Smith and B. Johnson},
  title     = {An IoT-Based Weather Monitoring System: Design and Implementation},
  journal   = {IEEE Access},
  volume    = {8},
  pages     = {12345--12355},
  year      = {2020},
  doi       = {10.1109/ACCESS.2020.2971234}
}

@article{Guo2020,
  author    = {Y. Guo and X. Li and Z. Chen},
  title     = {Real-Time Weather Data Acquisition Using IoT Technologies},
  journal   = {Sensors},
  volume    = {20},
  number    = {12},
  pages     = {3456--3468},
  year      = {2020},
  doi       = {10.3390/s20123456}
}

@inproceedings{Singh2019,
  author    = {S. Singh and R. Kumar and P. Patel},
  title     = {Smart Weather Forecasting Using IoT and Data Analytics},
  booktitle = {Proceedings of the IEEE International Conference on IoT Applications},
  pages     = {230--235},
  year      = {2019},
  doi       = {10.1109/ICIoTA.2019.00045}
}

@article{Zhang2021,
  author    = {L. Zhang and H. Wang and Y. Zhao},
  title     = {Cloud-Connected IoT Weather Station for Real-Time Monitoring},
  journal   = {IEEE Internet of Things Journal},
  volume    = {8},
  number    = {3},
  pages     = {789--798},
  year      = {2021},
  doi       = {10.1109/JIOT.2021.3056789}
}

@inproceedings{Ahmed2018,
  author    = {A. Ahmed and M. Rahim and T. Chowdhury},
  title     = {Development of an IoT-Based Weather Station for Remote Environmental Monitoring},
  booktitle = {Proceedings of the International Conference on IoT},
  pages     = {100--105},
  year      = {2018},
  doi       = {10.1109/ICIoT.2018.8462741}
}
